<collection xmlns="http://www.loc.gov/MARC21/slim">
    <record>
        <leader>as a a</leader>
        <controlfield tag="001">ocn182861034</controlfield>
        <controlfield tag="003">OCoLC</controlfield>
        <controlfield tag="005">20120105102907.9</controlfield>
        <controlfield tag="008">071206c20079999ko fr p 0 0eng c</controlfield>
        <datafield tag="010" ind1=" " ind2=" ">
            <subfield code="a">2008200794</subfield>
        </datafield>
        <datafield tag="035" ind1=" " ind2=" ">
            <subfield code="a">(OCoLC)ocn182861034</subfield>
            <subfield code="d">(OCoLC)182861034</subfield>
        </datafield>
        <datafield tag="040" ind1=" " ind2=" ">
            <subfield code="a">WAU</subfield>
            <subfield code="c">WAU</subfield>
            <subfield code="d">DLC</subfield>
            <subfield code="d">HUL</subfield>
            <subfield code="d">OCLCQ</subfield>
            <subfield code="d">GBVCP</subfield>
            <subfield code="d">IUL</subfield>
        </datafield>
        <datafield tag="015" ind1=" " ind2=" ">
            <subfield code="a">987036009|2dnb</subfield>
        </datafield>
        <datafield tag="016" ind1="7" ind2=" ">
            <subfield code="a">2402979-8|2DE-600</subfield>
        </datafield>
        <datafield tag="019" ind1=" " ind2=" ">
            <subfield code="a">217238773</subfield>
        </datafield>
        <datafield tag="022" ind1="0" ind2=" ">
            <subfield code="a">1976-3735|l1976-3735|227</subfield>
        </datafield>
        <datafield tag="042" ind1=" " ind2=" ">
            <subfield code="a">pcc</subfield>
        </datafield>
        <datafield tag="043" ind1=" " ind2=" ">
            <subfield code="a">ae-----</subfield>
        </datafield>
        <datafield tag="050" ind1="0" ind2="0">
            <subfield code="a">DS501</subfield>
            <subfield code="b">.J646</subfield>
        </datafield>
        <datafield tag="049" ind1=" " ind2=" ">
            <subfield code="a">IULA</subfield>
        </datafield>
        <datafield tag="210" ind1="0" ind2=" ">
            <subfield code="a">J. northeast. Asian hist.</subfield>
            <subfield code="b">(Seoul)</subfield>
        </datafield>
        <datafield tag="222" ind1="0" ind2=" ">
            <subfield code="a">Journal of northeast Asian history</subfield>
            <subfield code="b">(Seoul)</subfield>
        </datafield>
        <datafield tag="245" ind1="0" ind2="0">
            <subfield code="a">Journal of Northeast Asian history.</subfield>
        </datafield>
        <datafield tag="246" ind1="1" ind2=" ">
            <subfield code="i">Also known as:</subfield>
            <subfield code="a">JNAH</subfield>
        </datafield>
        <datafield tag="260" ind1=" " ind2=" ">
            <subfield code="a">Seoul, Korea</subfield>
            <subfield code="b">Tongbuga Yoksa Chaedan,</subfield>
            <subfield code="c">2007-</subfield>
        </datafield>
        <datafield tag="300" ind1=" " ind2=" ">
            <subfield code="a">v.</subfield>
            <subfield code="b">ill. ;</subfield>
            <subfield code="c">c23 cm.</subfield>
        </datafield>
        <datafield tag="310" ind1=" " ind2=" ">
            <subfield code="a">SemiAnnual</subfield>
        </datafield>
        <datafield tag="362" ind1="1" ind2=" ">
            <subfield code="a">Began with vol. 4/1, published June, 2007.</subfield>
        </datafield>
        <datafield tag="588" ind1=" " ind2=" ">
            <subfield code="a">Description based on: Vol. 4, no. 1 (June 2007); title from title page.</subfield>
            <subfield code="a">Latest issue consulted: Vol. 6, no. 2 (winter 2009).</subfield>
        </datafield>
        <datafield tag="651" ind1="0" ind2=" ">
            <subfield code="a">East Asia</subfield>
            <subfield code="x">History</subfield>
            <subfield code="v">Periodicals.</subfield>
            <subfield code="c">East Asia</subfield>
            <subfield code="x">Civilization</subfield>
            <subfield code="v">Periodicals.</subfield>
            <subfield code="d">Asia, Central</subfield>
            <subfield code="x">History</subfield>
            <subfield code="v">Periodicals.</subfield>
        </datafield>
        <datafield tag="710" ind1="2" ind2=" ">
            <subfield code="a">|6880-01</subfield>
            <subfield code="a">Tongbuga Yoksa Chaedan (Korea)</subfield>
        </datafield>
        <datafield tag="880" ind1="2" ind2="0">
            <subfield code="a">|6710-01</subfield>
            <subfield code="a">???????(Korea)</subfield>
        </datafield>
        <datafield tag="776" ind1="0" ind2="8">
            <subfield code="i">Also available online:</subfield>
            <subfield code="t">Journal of Northeast Asian history</subfield>
            <subfield code="w">(OCoLC)268995612</subfield>
        </datafield>
        <datafield tag="780" ind1="0" ind2="0">
            <subfield code="t">Journal of Inner and East Asian studies</subfield>
            <subfield code="x">1738-6101</subfield>
            <subfield code="w">(DLC) 2005234453</subfield>
            <subfield code="w">(OCoLC)60367894</subfield>
        </datafield>
        <datafield tag="850" ind1=" " ind2=" ">
            <subfield code="a">DLC</subfield>
        </datafield>
        <datafield tag="891" ind1="2" ind2="0">
            <subfield code="a">|9853|81|av.|bno.|u2|i(year)|jmonth|wf</subfield>
        </datafield>
        <datafield tag="891" ind1="4" ind2="1">
            <subfield code="a">|9863|81.1|a4|b1|i2007|j06</subfield>
        </datafield>
        <datafield tag="596" ind1=" " ind2=" ">
            <subfield code="a">1</subfield>
        </datafield>
    </record>