
    <record>
        <leader>as i a</leader>
        <controlfield tag="001">ocn698471654</controlfield>
        <controlfield tag="003">OCoLC</controlfield>
        <controlfield tag="005">20111107163356.0</controlfield>
        <controlfield tag="008">110127c20109999ko fr 0 0eng c</controlfield>
        <datafield tag="010" ind1=" " ind2=" ">
            <subfield code="a">2011238947</subfield>
        </datafield>
        <datafield tag="035" ind1=" " ind2=" ">
            <subfield code="a">(OCoLC)ocn698471654</subfield>
            <subfield code="c">(OCoLC)698471654</subfield>
        </datafield>
        <datafield tag="040" ind1=" " ind2=" ">
            <subfield code="a">NICSTF</subfield>
            <subfield code="b">eng</subfield>
            <subfield code="c">STF</subfield>
            <subfield code="e">erda</subfield>
            <subfield code="d">STF</subfield>
            <subfield code="d">WAU</subfield>
            <subfield code="d">IUL</subfield>
        </datafield>
        <datafield tag="022" ind1=" " ind2=" ">
            <subfield code="a">2093-7288|l2093-7288|227</subfield>
        </datafield>
        <datafield tag="042" ind1=" " ind2=" ">
            <subfield code="a">pcc</subfield>
        </datafield>
        <datafield tag="043" ind1=" " ind2=" ">
            <subfield code="a">a-kr---</subfield>
        </datafield>
        <datafield tag="050" ind1="4" ind2="0">
            <subfield code="a">BL2230</subfield>
            <subfield code="b">.J68</subfield>
        </datafield>
        <datafield tag="049" ind1=" " ind2=" ">
            <subfield code="a">IULA</subfield>
        </datafield>
        <datafield tag="222" ind1="0" ind2=" ">
            <subfield code="a">Journal of Korean religions</subfield>
        </datafield>
        <datafield tag="245" ind1="0" ind2="0">
            <subfield code="a">Journal of Korean Religions.</subfield>
        </datafield>
        <datafield tag="246" ind1="1" ind2=" ">
            <subfield code="a">JKR</subfield>
        </datafield>
        <datafield tag="260" ind1=" " ind2=" ">
            <subfield code="a">Seoul, KOREA :</subfield>
            <subfield code="b">Institute for the Study of Religion, Sogang University, Korea,</subfield>
            <subfield code="c">[2010]-, ©2010-</subfield>
        </datafield>
        <datafield tag="310" ind1=" " ind2=" ">
            <subfield code="a">Semiannual</subfield>
        </datafield>
        <datafield tag="336" ind1=" " ind2=" ">
            <subfield code="a">text|2rdacontent</subfield>
        </datafield>
        <datafield tag="337" ind1=" " ind2=" ">
            <subfield code="a">unmediated|2rdamedia</subfield>
        </datafield>
        <datafield tag="338" ind1=" " ind2=" ">
            <subfield code="a">volume|2rdacarrier</subfield>
        </datafield>
        <datafield tag="362" ind1="1" ind2=" ">
            <subfield code="a">Began with Volume 1, Numbers 1&amp;2 (September 2010).</subfield>
        </datafield>
        <datafield tag="515" ind1=" " ind2=" ">
            <subfield code="a">Some nos. combined.</subfield>
        </datafield>
        <datafield tag="588" ind1=" " ind2=" ">
            <subfield code="a">Identification of the resource based on: Volume 1, Numbers 1&amp;2 (September 2010);
                title from title page.
            </subfield>
        </datafield>
        <datafield tag="651" ind1="0" ind2=" ">
            <subfield code="a">Korea</subfield>
            <subfield code="x">Religion</subfield>
            <subfield code="v">Periodicals.</subfield>
        </datafield>
        <datafield tag="710" ind1="2" ind2=" ">
            <subfield code="a">Sogang Taehakkyo.</subfield>
            <subfield code="b">Chonggyo Yon'guso,</subfield>
            <subfield code="e">issuing body.</subfield>
        </datafield>
        <datafield tag="891" ind1="2" ind2="0">
            <subfield code="a">|9853|81|av.|bno.|u2|i(year)|jmonth|wf</subfield>
        </datafield>
        <datafield tag="891" ind1="4" ind2="1">
            <subfield code="a">|9863|81.1|a1|b1/2|i2010|j09</subfield>
        </datafield>
        <datafield tag="936" ind1=" " ind2=" ">
            <subfield code="a">PR 696728431</subfield>
        </datafield>
        <datafield tag="596" ind1=" " ind2=" ">
            <subfield code="a">1</subfield>
        </datafield>
    </record>
</collection>